
@inproceedings{10.1145/1250790.1250801, 
	author = {Bj\"{o}rklund, Andreas and Husfeldt, Thore and Kaski, Petteri and Koivisto, Mikko},
	title = {Fourier Meets M\"{o}Bius: Fast Subset Convolution},
	year = {2007},
	isbn = {9781595936318},
	publisher = {Association for Computing Machinery},
	address = {New York, NY, USA},
	url = {https://doi.org/10.1145/1250790.1250801},
	doi = {10.1145/1250790.1250801},
	pages = {67–74},
	numpages = {8},
	keywords = {convolution, Steiner tree, M\"{o}bius transform},
	location = {San Diego, California, USA},
	series = {STOC '07}
}
@article{kennes1992computational,
	title={Computational aspects of the Mobius transformation of graphs},
	author={Kennes, Robert},
	journal={IEEE Transactions on Systems, Man, and Cybernetics},
	volume={22},
	number={2},
	pages={201--223},
	year={1992},
	publisher={IEEE}
}
@article{shanks1969computation,
	title={Computation of the fast Walsh-Fourier transform},
	author={Shanks, John L},
	journal={IEEE Transactions on Computers},
	volume={100},
	number={5},
	pages={457--459},
	year={1969},
	publisher={IEEE}
}
@article{graham1989concrete,
	title={Concrete mathematics: a foundation for computer science},
	author={Graham, Ronald L and Knuth, Donald E and Patashnik, Oren and Liu, Stanley},
	journal={Computers in Physics},
	volume={3},
	number={5},
	pages={106--107},
	year={1989},
	publisher={American Institute of Physics}
}
@book{knuth2005art,
	title={The Art of Computer Programming, Volume 1, Fascicle 1: MMIX--A RISC Computer for the New Millennium},
	author={Knuth, Donald E},
	year={2005},
	publisher={Addison-Wesley Professional}
}
@article{rota1964foundations,
	title={On the foundations of combinatorial theory I. Theory of M{\"o}bius functions},
	author={Rota, Gian-Carlo},
	journal={Zeitschrift f{\"u}r Wahrscheinlichkeitstheorie und verwandte Gebiete},
	volume={2},
	number={4},
	pages={340--368},
	year={1964},
	publisher={Springer}
}
@inproceedings{coppersmith1987matrix,
	title={Matrix multiplication via arithmetic progressions},
	author={Coppersmith, Don and Winograd, Shmuel},
	booktitle={Proceedings of the nineteenth annual ACM symposium on Theory of computing},
	pages={1--6},
	year={1987}
}
@inproceedings{maslen1997generalized,
	title={Generalized FFTs—a survey of some recent results},
	author={Maslen, David K and Rockmore, Daniel N},
	booktitle={Groups and Computation II},
	volume={28},
	pages={183--287},
	year={1997},
	organization={American Mathematical Soc.}
}
@incollection{aigner1979matroid,
	title={Matroid theory, II},
	author={Aigner, M},
	booktitle={Combinatorial Theory},
	volume={234},
	year={1979},
	publisher={Springer-Verlag Berlin}
}
@misc{stanley1997cambridge,
	title={Cambridge Studies in Advanced Mathematics},
	author={Stanley, Richard P},
	journal={Enumerative Combinatorics, vol. 1,},
	volume={49},
	year={1997},
	publisher={Cambridge Univ. Press Cambridge}
}
